@article{Chang:2008,
  author =	 {Chang, Fay and Dean, Jeffrey and Ghemawat, Sanjay
                  and Hsieh, Wilson C. and Wallach, Deborah A. and
                  Burrows, Mike and Chandra, Tushar and Fikes, Andrew
                  and Gruber, Robert E.},
  title =	 {{Bigtable: A Distributed Storage System for
                  Structured Data}},
  journal =	 {ACM Trans. Comput. Syst.},
  issue_date =	 {June 2008},
  volume =	 26,
  number =	 2,
  month =	 jun,
  year =	 2008,
  issn =	 {0734-2071},
  pages =	 {4:1--4:26},
  articleno =	 4,
  numpages =	 26,
  url =		 {http://doi.acm.org/10.1145/1365815.1365816},
  doi =		 {10.1145/1365815.1365816},
  acmid =	 1365816,
  publisher =	 {ACM},
  address =	 {New York, NY, USA},
  keywords =	 {Large-Scale Distributed Storage},
}

@misc{USDD:RefArch,
  author =	 {Office of The Assistant Secretary of Defense},
  title =	 {{Reference Architecture Description}},
  howpublished = {Online},
  url =
                  {http://dodcio.defense.gov/Portals/0/Documents/DIEA/Ref_Archi_Description_Final_v1_18Jun10.pdf},
  year =	 2010
}

@misc{WhiteHouse:Blog:BigData,
  author =	 {The White Hosue Office of Science and Technology
                  Policy},
  title =	 {{Big Data is a Big Deal}},
  howpublished = {Online},
  url =
                  {http://www.whitehouse.gov/blog/2012/03/29/big-data-big-deal},
  year =	 2012
}

@TechReport{nist-vol-3,
  author =	 {Geoffrey C. Fox and Wo Chang},
  title =	 {{NIST Big Data Interoperability Framework: Volume 3,
                  Use Cases and General Requirements}},
  institution =	 {National INstitute of STandards},
  year =	 2015,
  type =	 {Special Publication (NIST SP) - 1500-3},
  number =	 {1500-3},
  address =	 {100 Bureau Drive, Gaithersburg, MD 20899},
  month =	 oct,
  url =
                  {http://nvlpubs.nist.gov/nistpubs/SpecialPublications/NIST.SP.1500-3.pdf},
  doi =		 {NIST.SP.1500-3}
}

@TechReport{nist-vol-4,
  author =	 {Arnab Roy and Mark Underwood and Wo Chang},
  title =	 {{NIST Big Data Interoperability Framework: Volume 4,
                  Security and Privacy}},
  institution =	 {National Institute of Standards},
  year =	 2015,
  type =	 {Special Publication (NIST SP) - 1500-4},
  number =	 {1500-4},
  address =	 {100 Bureau Drive, Gaithersburg, MD 20899},
  month =	 oct,
  url =
                  {http://nvlpubs.nist.gov/nistpubs/SpecialPublications/NIST.SP.1500-4.pdf},
  doi =		 {NIST.SP.1500-4}
}

@TechReport{nist-vol-6,
  author =	 {Orit Levin and David Boyd and Wo Chang},
  title =	 {{NIST Big Data Interoperability Framework: Volume 6,
                  Reference Architecture}},
  institution =	 {National Institute of Standards},
  year =	 2015,
  type =	 {Special Publication (NIST SP) - 1500-6},
  number =	 {1500-6},
  address =	 {100 Bureau Drive, Gaithersburg, MD 20899},
  month =	 oct,
  url =
                  {http://nvlpubs.nist.gov/nistpubs/SpecialPublications/NIST.SP.1500-6.pdf},
  doi =		 {NIST.SP.1500-6}
}

@TechReport{nist-vol-8,
  author =	 {von Laszewski, Gregor and Wo Chang and Fugang Wang and
                  Badi Abdhul Wahid and and Geoffrey C. Fox and Pratik
                  Thakkar and Alicia Mara Zuniga-Alvarado and Robert C. Whetsel},
  title =	 {{NIST Big Data Interoperability Framework: Volume 8,
                  Interfaces}},
  institution =	 {National Institute of Standards},
  year =	 2015,
  type =	 {Special Publication (NIST SP) - 1500-8},
  number =	 {1500-8},
  address =	 {100 Bureau Drive, Gaithersburg, MD 20899},
  month =	 oct,
  url = {https://laszewski.github.io/papers/NIST.SP.1500-8-draft.pdf},
  doi =		 {NIST.SP.1500-8}
}

@Misc{www-cerberus,
  key = {cerberus},
  title =	 {{Cerberus}},
  url =		 {http://docs.python-cerberus.org/}
}

@Misc{www-cloudmesh-client,
  author =	 {Gregor von Laszewski},
  title =	 {Cloudmesh Client},
  howpublished = {github},
  url =		 {https://github.com/cloudmesh/client}
}

@Misc{www-cloudmesh-eveengine,
  key =		 {eveengine},
  title = {{Cloudmesh enhanced Eveengine}},
  howpublished = {Github},
  url =		 {https://github.com/cloudmesh/cloudmesh.evegenie}
}

@TechReport{www-eduperson,
  author =	 {{Internet2}},
  title =	 {{eduPerson Object Class Specification (201602)}},
  institution =	 {Internet2},
  year =	 2016,
  type =	 {Internet2 Middleware Architecture Committee for
                  Education, Directory Working Group},
  number =	 {internet2-mace-dir-eduperson-201602},
  month =	 mar,
  url =
                  {http://software.internet2.edu/eduperson/internet2-mace-dir-eduperson-201602.html}
}

@Misc{www-eve,
  key =		 {eve},
  title =	 {{Eve Rest Service}},
  howpublished = {Web Page},
  url =		 {http://python-eve.org/}
}

@Misc{www-nbdwg,
  key =		 {NIST},
  author =	 {{NIST}},
  title =	 {{Big Data Public Working Group (NBD-PWG)}},
  howpublished = {Web Page},
  url =		 {https://bigdatawg.nist.gov/}
}

@TechReport{cloudmesh-nist,
  author =       {von Laszewski, Gregor and Fugang Wang and Badi Abdul-Wahid  and Hyungro Lee and Geoffrey C. Fox and Wo Chang},
  title =        {Cloudmesh in support of the NIST Big Data Architecture Framework},
  institution =  {Indiana University},
  year =         {2017},
  OPTkey =       {},
  OPTtype =      {},
  OPTnumber =    {},
  address =   {Bloomingtion IN 47408, USA},
  month =     apr,
  OPTnote =      {},
  OPTannote =    {},
  url = {https://laszewski.github.io/papers/vonLaszewski-nist.pdf}
}



